@article{blxa,
  author={Takahashi, M. and Kita, H.},
  booktitle={Evolutionary Computation, 2001. Proceedings of the 2001 Congress on},
  title={A crossover operator using independent component analysis for real-coded genetic algorithms},
  year={2001},
  volume={1},
  pages={643-649 vol. 1},
  doi={10.1109/CEC.2001.934452}
}
