@article{blxa,
  author    ={Takahashi, M. and Kita, H.},
  booktitle ={Evolutionary Computation, 2001. Proceedings of the 2001 Congress
              on},
  title     ={A crossover operator using independent component analysis for
              real-coded genetic algorithms},
  year      ={2001},
  volume    ={1},
  pages     ={643-649 vol. 1},
  doi       ={10.1109/CEC.2001.934452}
}

@misc{neuroph,
  title         = "Neuroph",
  howpublished  = "\url{http://neuroph.sourceforge.net/}",
  note          = {last accessed 18/11/2015}
}

@article{encog,
  author  = {Jeff Heaton},
  title   = {Encog: Library of Interchangeable Machine Learning Models for Java and C#},
  journal = {Journal of Machine Learning Research},
  year    = {2015},
  volume  = {16},
  pages   = {1243-1247},
  url     = {http://jmlr.org/papers/v16/heaton15a.html}
}

@misc{jgap,
  title         = "JGAP",
  howpublished  = "\url{http://jgap.sourceforge.net/}",
  note          = {last accessed 18/11/2015}
}

@book{nninjava,
  author    = {Jeff Heaton},
  title     = {Introduction to Neural Networks for Java},
  publisher = {Heaton Research},
  edition   = 2,
  isbn      = {1604390085}
}
